<?xml version="1.0" encoding="UTF-8"?><collection xmlns="http://www.loc.gov/MARC21/slim"><record><leader>00355nam--2200145-i-4500</leader><controlfield tag="001">000014223</controlfield><controlfield tag="002">20161230</controlfield><controlfield tag="005">20161230201030</controlfield><controlfield tag="008">060222s1000------------r-----000-0-eng-d</controlfield><datafield ind1=" " ind2=" " tag="080"><subfield code="a">577.L:577.355</subfield></datafield><datafield ind1=" " ind2=" " tag="245"><subfield code="a">Biochemistry</subfield></datafield><datafield ind1=" " ind2=" " tag="260"><subfield code="a">Berlin, Springer- Verlag, 1982. 13o P</subfield></datafield><datafield ind1=" " ind2=" " tag="490"><subfield code="a">Structure And Bonding</subfield></datafield><datafield ind1=" " ind2=" " tag="700"><subfield code="a">Bertini, I./S.A.</subfield></datafield><datafield ind1=" " ind2=" " tag="852"><subfield code="a">25684</subfield></datafield></record></collection>